@misc{townsend:adafruit,
  author = "Kevin Townsend",
  title = "Adafruit BNO055 Unified Sensor Library",
  url = {https://github.com/adafruit/Adafruit\_BNO055},
  year = {2016} }

@misc{henderson:wiringpi,
  author = "Gordon Henderson",
  title = "WiringPi",
  url = {http://wiringpi.com/},
  year = {2016} }

@misc{elinux:bcm2835,
  author = "Elinux",
  title = "BCM2835 Datasheet Errata",
  url = {http://elinux.org/BCM2835\_datasheet\_errata},
  year = {2016} }